<collection xmlns="http://www.loc.gov/MARC21/slim">
   <record>
      <leader>03245cgm a2200493Ia 4500</leader>
      <controlfield tag="001">6700435</controlfield>
      <controlfield tag="003">OCoLC</controlfield>
      <controlfield tag="005">20140930153808.0</controlfield>
      <controlfield tag="007">vd cvaizu</controlfield>
      <controlfield tag="008">140910s2015    mau093            vlchi  </controlfield>
      <datafield ind1=" " ind2=" " tag="020">
         <subfield code="a">9780887275074 (Part 1)</subfield>
      </datafield>
      <datafield ind1=" " ind2=" " tag="020">
         <subfield code="a">0887275079 (Part 1)</subfield>
      </datafield>
      <datafield ind1=" " ind2=" " tag="020">
         <subfield code="a">9780887277870 (Part 2)</subfield>
      </datafield>
      <datafield ind1=" " ind2=" " tag="020">
         <subfield code="a">088727787X (Part 2)</subfield>
      </datafield>
      <datafield ind1=" " ind2=" " tag="035">
         <subfield code="a">ocn890319748</subfield>
      </datafield>
      <datafield ind1=" " ind2=" " tag="040">
         <subfield code="a">BBH</subfield>
         <subfield code="c">BBH</subfield>
         <subfield code="d">OCLCO</subfield>
      </datafield>
      <datafield ind1=" " ind2=" " tag="041">
         <subfield code="a">chi</subfield>
         <subfield code="j">eng</subfield>
      </datafield>
      <datafield ind1=" " ind2=" " tag="090">
         <subfield code="a">PL 1129 E5 I58 2015</subfield>
         <subfield code="b">AEU</subfield>
      </datafield>
      <datafield ind1="0" ind2="0" tag="245">
         <subfield code="6">880-01</subfield>
         <subfield code="a">Integrated Chinese.</subfield>
         <subfield code="n">Level 2,</subfield>
         <subfield code="n">Part 1 &amp; 2</subfield>
         <subfield code="h">[videorecording] =</subfield>
         <subfield code="b">Zhong wen ting shuo du xie /</subfield>
         <subfield code="c">created and produced by Cheng &amp; Tsui Company, Inc.</subfield>
      </datafield>
      <datafield ind1="3" ind2="1" tag="246">
         <subfield code="6">880-02</subfield>
         <subfield code="a">Zhong wen ting shuo du xie.</subfield>
      </datafield>
      <datafield ind1=" " ind2=" " tag="260">
         <subfield code="a">[Boston] :</subfield>
         <subfield code="b">Cheng &amp; Tsui,</subfield>
         <subfield code="c">c2015.</subfield>
      </datafield>
      <datafield ind1=" " ind2=" " tag="300">
         <subfield code="a">2 videodiscs (93 min.) :</subfield>
         <subfield code="b">sd., col. ;</subfield>
         <subfield code="c">4 3/4 in.</subfield>
      </datafield>
      <datafield ind1=" " ind2=" " tag="336">
         <subfield code="a">two-dimensional moving image</subfield>
         <subfield code="b">tdi</subfield>
         <subfield code="2">rdacontent</subfield>
         <subfield code="0">http://id.loc.gov/vocabulary/contentTypes/tdi</subfield>
      </datafield>
      <datafield ind1=" " ind2=" " tag="337">
         <subfield code="a">video</subfield>
         <subfield code="b">v</subfield>
         <subfield code="2">rdamedia</subfield>
         <subfield code="0">http://id.loc.gov/vocabulary/mediaTypes/v</subfield>
      </datafield>
      <datafield ind1=" " ind2=" " tag="338">
         <subfield code="a">videodisc</subfield>
         <subfield code="b">vd</subfield>
         <subfield code="2">rdacarrier</subfield>
         <subfield code="0">http://id.loc.gov/vocabulary/carriers/vd</subfield>
      </datafield>
      <datafield ind1="1" ind2=" " tag="490">
         <subfield code="a">Cheng &amp; Tsui Chinese language series.</subfield>
      </datafield>
      <datafield ind1=" " ind2=" " tag="500">
         <subfield code="a">Parallel title in simplified and traditional Chinese characters.</subfield>
      </datafield>
      <datafield ind1="0" ind2=" " tag="505">
         <subfield code="a">Part 1. Lesson 1. Choosing a career -- Lesson 2. Finding an apartment -- Lesson 3. Chinese cuisine -- Lesson 4. Shopping at a market -- Lesson 5. Deciding on a major -- Lesson 6. Relationships -- Lesson 7. Social Media -- Lesson 8. Part-time jobs -- Lesson 9. Teaching in China -- Lesson 10. China's Provinces -- Part 2. Lesson 11. Lantern Festival -- Lesson 12. Old and new Beijing -- Lesson 13. Traveling to Yunnan -- Lesson 14. Wellnes -- Lesson 15. Men and women of the Mosuo -- Lesson 16. Protecting the environment -- Lesson 17. Spending habits -- Lesson 18. The History of a village-- Lesson 19. Job interview -- Lesson 20. Foreigners in China.</subfield>
      </datafield>
      <datafield ind1=" " ind2=" " tag="520">
         <subfield code="a">Live-action videos give students an up-close and authentic view of contemporary China through real-life situations and in-depth interviews.</subfield>
      </datafield>
      <datafield ind1=" " ind2=" " tag="538">
         <subfield code="a">DVD, NTSC format.</subfield>
      </datafield>
      <datafield ind1=" " ind2=" " tag="546">
         <subfield code="a">In Chinese and English with optional subtitles in simplified or traditional Chinese characters, pinyin and English.</subfield>
      </datafield>
      <datafield ind1=" " ind2=" " tag="596">
         <subfield code="a">43</subfield>
      </datafield>
      <datafield ind1=" " ind2="0" tag="650">
         <subfield code="a">Chinese language</subfield>
         <subfield code="x">Study and teaching.</subfield>
         <subfield code="0">http://id.loc.gov/authorities/subjects/sh2008117670</subfield>
      </datafield>
      <datafield ind1=" " ind2="0" tag="650">
         <subfield code="a">Chinese language</subfield>
         <subfield code="x">Study and teaching</subfield>
         <subfield code="x">English speakers</subfield>
         <subfield code="x">Audio-visual aids.</subfield>
      </datafield>
      <datafield ind1=" " ind2="0" tag="650">
         <subfield code="a">Chinese language</subfield>
         <subfield code="v">Films for foreign speakers.</subfield>
      </datafield>
      <datafield ind1="2" ind2=" " tag="710">
         <subfield code="a">Cheng &amp; Tsui Company.</subfield>
      </datafield>
      <datafield ind1="2" ind2=" " tag="710">
         <subfield code="a">Goldmines Film &amp; Video Production.</subfield>
      </datafield>
      <datafield ind1=" " ind2=" " tag="758">
         <subfield code="0">http://worldcat.org/entity/work/id/23431965</subfield>
      </datafield>
      <datafield ind1="0" ind2=" " tag="787">
         <subfield code="n">OCLC Work Id</subfield>
         <subfield code="o">http://worldcat.org/entity/work/id/23431965</subfield>
      </datafield>
      <datafield ind1=" " ind2="0" tag="830">
         <subfield code="a">Cheng &amp; Tsui Chinese language series.</subfield>
         <subfield code="0">http://id.loc.gov/authorities/names/no2008134859</subfield>
      </datafield>
      <datafield ind1="0" ind2="0" tag="880">
         <subfield code="6">245-01</subfield>
         <subfield code="a">Integrated Chinese</subfield>
         <subfield code="n">Level 2,</subfield>
         <subfield code="n">Part 1 &amp; 2</subfield>
         <subfield code="h">[videorecording] =</subfield>
         <subfield code="b">中文听说读写 /</subfield>
         <subfield code="c">created and produced by Cheng &amp; Tsui Company, Inc.</subfield>
      </datafield>
      <datafield ind1="3" ind2="1" tag="880">
         <subfield code="6">246-02</subfield>
         <subfield code="a">中文听说读写</subfield>
      </datafield>
      <datafield ind1=" " ind2=" " tag="926">
         <subfield code="a">PL 1129 E5 I58 2015</subfield>
         <subfield code="w">LC</subfield>
         <subfield code="c">1</subfield>
         <subfield code="i">0162034552842</subfield>
         <subfield code="d">5/31/2016</subfield>
         <subfield code="e">1/28/2016</subfield>
         <subfield code="l">ON_SHELF</subfield>
         <subfield code="m">UAHSS</subfield>
         <subfield code="n">5</subfield>
         <subfield code="p">$150.00</subfield>
         <subfield code="r">Y</subfield>
         <subfield code="s">Y</subfield>
         <subfield code="t">VIDEO</subfield>
         <subfield code="u">9/30/2014</subfield>
      </datafield>
      <datafield ind1=" " ind2=" " tag="926">
         <subfield code="a">PL 1129 E5 I58 2015</subfield>
         <subfield code="w">LC</subfield>
         <subfield code="c">2</subfield>
         <subfield code="i">0162034555845</subfield>
         <subfield code="d">9/3/2015</subfield>
         <subfield code="k">RESERVES</subfield>
         <subfield code="l">ON_SHELF</subfield>
         <subfield code="m">UAHSS</subfield>
         <subfield code="p">$150.00</subfield>
         <subfield code="r">Y</subfield>
         <subfield code="s">Y</subfield>
         <subfield code="t">VIDEO</subfield>
         <subfield code="u">10/2/2014</subfield>
      </datafield>
   </record>
</collection>
